<record><leader>00000cas a22000007a 4500</leader><controlfield tag="001">13771592</controlfield><controlfield tag="008">860624d18371840pauwr ne      0    0eng d</controlfield><datafield ind1=" " ind2=" " tag="010"><subfield code="a">sn 87080658 </subfield></datafield><datafield ind1=" " ind2=" " tag="040"><subfield code="a">NPH</subfield><subfield code="b">eng</subfield><subfield code="c">NPH</subfield><subfield code="d">NPX</subfield><subfield code="d">NPH</subfield><subfield code="d">MGN</subfield><subfield code="d">OCLCQ</subfield></datafield><datafield ind1=" " ind2=" " tag="042"><subfield code="a">msc</subfield></datafield><datafield ind1="0" ind2="0" tag="245"><subfield code="a">Crawford Democrat, and Meadville courier.</subfield></datafield><datafield ind1="1" ind2="7" tag="246"><subfield code="a">Democrat and courier</subfield></datafield><datafield ind1=" " ind2=" " tag="260"><subfield code="a">Meadville, Pa. :</subfield><subfield code="b">James E. McFarland,</subfield><subfield code="c">1837-1840.</subfield></datafield><datafield ind1=" " ind2=" " tag="300"><subfield code="a">3 v. ;</subfield><subfield code="c">56 cm.</subfield></datafield><datafield ind1=" " ind2=" " tag="310"><subfield code="a">Weekly</subfield></datafield><datafield ind1="0" ind2=" " tag="362"><subfield code="a">Vol. 3, no. 5 (Sept. 19, 1837)-v. 5, no. 38 (May 12, 1840).</subfield></datafield><datafield ind1=" " ind2=" " tag="752"><subfield code="a">United States</subfield><subfield code="b">Pennsylvania</subfield><subfield code="c">Crawford</subfield><subfield code="d">Meadville.</subfield></datafield><datafield ind1="0" ind2="4" tag="780"><subfield code="t">Crawford Democrat (Meadville, Pa. : 1837)</subfield><subfield code="w">(DLC)sn 87080657</subfield></datafield><datafield ind1="0" ind2="4" tag="780"><subfield code="t">Meadville courier</subfield><subfield code="w">(DLC)sn 87078451</subfield><subfield code="w">(OCoLC)15390034</subfield></datafield><datafield ind1="0" ind2="0" tag="785"><subfield code="t">Crawford Democrat (Meadville, Pa. : 1840)</subfield><subfield code="w">(DLC)sn 86081260</subfield></datafield></record>